@book{hal,
  title={Fundamentos de FÃ­sica. Eletromagnetismo - Volume 3},
  author={David Halliday and Robert Resnick and Jearl Walker },
  year={2012},
  publisher={LTC},
  pages={182}
}